<record><leader>00000cas a22000007a 4500</leader><controlfield tag="001">11980313</controlfield><controlfield tag="008">850430d18861887wiuwr ne      0    0eng d</controlfield><datafield ind1=" " ind2=" " tag="010"><subfield code="a">sn 85040567 </subfield></datafield><datafield ind1=" " ind2=" " tag="040"><subfield code="a">NPV</subfield><subfield code="b">eng</subfield><subfield code="c">NPV</subfield><subfield code="d">OCLCQ</subfield></datafield><datafield ind1=" " ind2=" " tag="042"><subfield code="a">msc</subfield></datafield><datafield ind1=" " ind2=" " tag="045"><subfield code="a">w8w8</subfield></datafield><datafield ind1=" " ind2=" " tag="052"><subfield code="a">4123</subfield><subfield code="b">D5</subfield></datafield><datafield ind1="0" ind2="0" tag="245"><subfield code="a">Fox Lake breeze.</subfield></datafield><datafield ind1="1" ind2="3" tag="246"><subfield code="a">Lake breeze</subfield></datafield><datafield ind1="1" ind2="3" tag="246"><subfield code="a">Breeze and representative</subfield></datafield><datafield ind1=" " ind2=" " tag="260"><subfield code="a">Fox Lake, Dodge Co., Wis. :</subfield><subfield code="b">W.M. Shirk,</subfield><subfield code="c">1886-</subfield></datafield><datafield ind1=" " ind2=" " tag="300"><subfield code="a">1 v. :</subfield><subfield code="b">ill.</subfield></datafield><datafield ind1=" " ind2=" " tag="310"><subfield code="a">Weekly</subfield></datafield><datafield ind1="0" ind2=" " tag="362"><subfield code="a">Vol. 20, no. 14 (Jan. 6, 1886)-</subfield></datafield><datafield ind1="1" ind2=" " tag="362"><subfield code="a">Ceased in Oct. 1887.</subfield><subfield code="z">Cf. Oehlerts, d. Guide to Wis. newspapers.</subfield></datafield><datafield ind1=" " ind2=" " tag="500"><subfield code="a">Editor: J.E. Shirk.</subfield></datafield><datafield ind1=" " ind2=" " tag="530"><subfield code="a">Available on microfilm from The State Historical Society of Wisconsin.</subfield></datafield><datafield ind1=" " ind2=" " tag="752"><subfield code="a">United States</subfield><subfield code="b">Wisconsin</subfield><subfield code="c">Dodge</subfield><subfield code="d">Fox Lake.</subfield></datafield><datafield ind1="0" ind2="0" tag="780"><subfield code="t">Fox Lake breeze and representative</subfield><subfield code="w">(DLC)sn 85040566</subfield></datafield><datafield ind1="0" ind2="0" tag="785"><subfield code="t">Fox Lake representative (Fox Lake, Wis. : 1887)</subfield><subfield code="w">(DLC)sn 85040568</subfield></datafield><datafield ind1="1" ind2=" " tag="029"><subfield code="a">AU@</subfield><subfield code="b">000025802538</subfield></datafield></record>